@book{کمالزاده1388,
author = {کمال‌زاده, حسن},
year = {1388},
title = {پیشگیری و درمان بیماریهای قلبی به زبان ساده},
address = {تهران},
publisher = {نور دانش},
language = {Persian},
}


@book{مهاجر1398,
translator = {مهاجر, فیروزه},
translateyear = {1398},
title = {صادق هدایت: از افسانه تا واقعیت},
address = {تهران},
publisher = {مرکز},
language = {Persian},
edition = {دوم},
impression = {اول},
by = {کاتوزیان, همایون},
year = {1991},
}


@book{kasper1999,
author = {Kasper, Lynne Rossetto},
year = {1999},
title = {The Italian Country Table: Home Cooking from Italy's Farmhouse Kitchens},
address = {New York},
publisher = {Scribner},
}


@book{suangtho1990,
author = {Suangtho, V and Lauridsen, E B},
year = {1990},
title = {Flowering and seed production in {\em Tectona} grandis…: Report on the DANIDA training course on tree impovement program},
address = {Chiang Mai, Thailand},
}