@book{اخوی,
author = {اخوی, احمد},
year = {بی‌تا},
title = {اقتصاد کلان: پایه‌ای و کاربردی},
address = {تهران},
publisher = {امیرکبیر},
language = {Persian},
edition = {دوم},
}


@book{پورممتاز1381,
author = {پورممتاز, علیرضا},
year = {[1381?]},
title = {واژه‌نامه‌ی ورزش},
address = {تهران},
publisher = {وزارت فرهنگ و ارشاد اسلامی، سازمان چاپ و انتشارات},
language = {Persian},
collaboration = {مدرس تهرانی, شهره},
}


@book{turabian,
author = {Turabian, Kate L},
year = {n.d},
title = {A Manual of Writers of Term Papers, Theses, and Dissertations},
address = {Chicago},
publisher = {Univ of Chicago Press},
edition = {6th},
editor = {Grossman, John and Bennett, Alice},
}


@book{kafka1926,
author = {Kafka, Franz},
year = {[1926?]},
title = {The castle},
}


