@book{کاظمی1380,
author = {کاظمی, عباس and کسایی, مسعود},
year = {1380},
title = {مدیریت تولید و عملیات},
address = {تهران},
publisher = {سمت},
language = {Persian},
}


@book{walker1998,
author = {Walker, J R and Taylor, T},
year = {1998},
title = {The Columbia Guide to Online Style},
address = {New York},
publisher = {Columbia Univ Press},
}


@book{marty1992,
author = {Marty, Martine E and Appleby, R Scott},
authorfa = {مارتی, مارتین ای and اپلبی, اسکات آر},
year = {1992},
title = {The Glory and the Power. The Fundamentalist Challenge to the Modern World},
address = {Boston, MA},
publisher = {Beacon Press},
}


