@book{پرهام1364,
author = {پرهام, سیروس},
year = {1364},
title = {دستبافتهای عشایری و روستایی فارسی},
address = {تهران},
publisher = {امیرکبیر},
language = {Persian},
collaboration = {آزادی, سیاوش},
}


@book{پورممتاز1381,
author = {پورممتاز, علیرضا},
year = {1381},
title = {واژه‌نامهٔ ورزش},
address = {تهران},
publisher = {وزارت فرهنگ و ارشاد اسلامی، سازمان چاپ و انتشارات},
language = {Persian},
comment = {زیر نظر محمود شالچی طوسی},
collaboration = {مدرس تهرانی, شهره},
}


@book{cullen1961,
author = {Cullen, John B},
year = {1961},
title = {Old times in the Faulkner},
address = {Chapel Hill},
publisher = {Univ of North Carolina Press},
collaboration = {Watkins, Floyd C},
}


@book{حافظ1379,
author = {حافظ, شمس‌الدین محمد},
year = {1379},
title = {دیوان حافظ},
address = {تهران},
publisher = {علی},
language = {Persian},
introduction = {قزوینی, محمد and غنی, قاسم},
}


@book{hayek1994,
author = {von Hayek, Friedrich August},
year = {1994},
title = {The Road to Serfdom},
address = {Chicago},
publisher = {Univ of Chicago Press},
edition = {Anniversary},
introduction = {Friedman, Milton},
}


