@book{بوسکالیا1978-1,
author = {بوسکالیا, لئو},
year = {1978},
title = {آدمیت},
address = {تهران},
publisher = {نشر گفتار},
language = {Persian},
translator = {خوشدل, گیتی},
translateyear = {1379},
}


@book{خوشدل1379-1,
translator = {خوشدل, گیتی},
translateyear = {1379},
title = {آدمیت},
address = {تهران},
publisher = {نشر گفتار},
language = {Persian},
by = {بوسکالیا, لئو},
year = {1978},
}


@book{tzu6bc-1,
author = {Tzu, Sun},
year = {6th century BC},
title = {The Art of War},
address = {London},
publisher = {Oxford Univ Press},
translator = {Griffith, Samuel B},
translateyear = {1963},
}


@book{griffith1963-1,
translator = {Griffith, Samuel B},
translateyear = {1963},
title = {The Art of War},
address = {London},
publisher = {Oxford Univ Press},
by = {Tzu, Sun},
year = {6th century BC},
}


@book{بوسکالیا1978-2,
author = {بوسکالیا, لئو},
year = {1978},
title = {آدمیت},
address = {تهران},
publisher = {نشر گفتار},
language = {Persian},
translator = {خوشدل, گیتی},
translateyear = {بی‌تا},
}


@book{خوشدل1379-2,
translator = {خوشدل, گیتی},
translateyear = {بی‌تا},
title = {آدمیت},
address = {تهران},
publisher = {نشر گفتار},
language = {Persian},
by = {بوسکالیا, لئو},
year = {1978},
}


@book{tzu6bc-2,
author = {Tzu, Sun},
year = {6th century BC},
title = {The Art of War},
address = {London},
publisher = {Oxford Univ Press},
translator = {Griffith, Samuel B},
translateyear = {n.d},
}


@book{griffith1963-2,
translator = {Griffith, Samuel B},
translateyear = {n.d},
title = {The Art of War},
address = {London},
publisher = {Oxford Univ Press},
by = {Tzu, Sun},
year = {6th century BC},
}


@book{بوسکالیا1978-3,
author = {بوسکالیا, لئو},
year = {بی‌تا},
title = {آدمیت},
address = {تهران},
publisher = {نشر گفتار},
language = {Persian},
translator = {خوشدل, گیتی},
translateyear = {1379},
}


@book{خوشدل1379-3,
translator = {خوشدل, گیتی},
translateyear = {1379},
title = {آدمیت},
address = {تهران},
publisher = {نشر گفتار},
language = {Persian},
by = {بوسکالیا, لئو},
year = {بی‌تا},
}


@book{tzu6bc-3,
author = {Tzu, Sun},
year = {n.d},
title = {The Art of War},
address = {London},
publisher = {Oxford Univ Press},
translator = {Griffith, Samuel B},
translateyear = {1963},
}


@book{griffith1963-3,
translator = {Griffith, Samuel B},
translateyear = {1963},
title = {The Art of War},
address = {London},
publisher = {Oxford Univ Press},
by = {Tzu, Sun},
year = {n.d},
}

