@book{دبیری1373,
author = {دبیری مالوانی, ابراهیم},
year = {1373},
title = {ادبیات معاصر ایران},
address = {بی‌جا},
publisher = {امید},
language = {Persian},
}


@book{wilson1992,
author = {Wlson, E O},
year = {1992},
title = {The diversity of life},
address = {n.p},
publisher = {Norton},
}


