@article{حیدری1384,
author = {حیدری, غلام},
year = {1384},
title = {معیارهای ارزیابی منابع الکترونیکی با تأکید بر وب‌سایتها},
journal = {علوم اطلاع‌رسانی},
language = {Persian},
volume = {20},
number = {3و4},
pages = {17--32},
}



@article{emlen1997,
author = {Emlen, S S},
year = {1997},
title = {When Mothers Prefer Daughters Over Sons},
journal = {Trends in Ecology and Evolution},
volume = {12},
pages = {291--92},
doi = {10.1016/S0169-5347(97)01119-1},
}



