@article{نیکوفر1385,
author = {نیکوفر, محمدهادی},
year = {1385},
title = {تحلیل آخرین آزمون کارشناسی‌ارشد مهندسی صنایع},
journal = {صعود: ضمیمه‌ی یکشنبه‌ی همشهری},
language = {Persian},
pages = {۹ مهر},
}



@article{barcott2000,
author = {Barcott, Bruce},
year = {1385},
title = {Review of The Last Marlin: The Story of a Family at Sea},
journal = {New York Times Book Review},
by = {Fred Waitzkin},
pages = {April 16},
}


