@book{قاجار1213,
author = {قاجار, رضاقلی},
year = {1213},
title = {سفرنامهٔ رضاقلی میرزا نوهٔ فتحعلی شاه دربارهٔ اموال خود و عموها و برادرانش در ایران و اروپا و وقایع سالهای اول سلطنت محمدشاه},
address = {تهران},
publisher = {دانشگاه تهران، ۱۳۴۶},
language = {Persian},
}


@book{darwin1859,
author = {Darwin, Charles},
year = {1859},
title = {On the Origion of Species},
address = {Cambridge, MA},
publisher = {Harvard Univ Press, 1964},
edition = {Facsimile of the 1st},
introduction = {Mayr, Ernest},
}


