@conference{صابری1385,
author = {صابری, مریم},
year = {1385},
title = {وب‌سایت کتابخانه‌ی ملی و دانشگاهی: ویژگیهای ساختاری و محتوایی},
address = {تهران},
organization = {انجمن کتابداری و اطلاع رسانی},
language = {Persian},
series = {مقاله‌ی ارائه شده در سخنرانی ماهانه},
}



@conference{oguinn1987,
author = {O’Guinn, T C},
year = {1987},
title = {Touching Greatness: Some Aspects of Star Worship in Contemporary Consumption},
address = {New York},
organization = {American Psychological Association},
series = {Paper presented at the annual meeting},
}



