@book{نامشخص,
key = {{عنوان اثر}},
year = {بی‌تا},
title = {عنوان اثر},
language = {Persian},
note = {دو نسخه‌ی موجود در کتابخانهٔ مجلس},
}


@book{unknown,
key = {{Title of work}},
year = {n.d},
title = {Title of work},
note = {Two copies in the special collections department of the university of Chicago library},
}


