@proceedings{trapani2023,
editor = {Di Trapani, Fabio and Demartino, Cristoforo and Marano, Giuseppe Carlo and Monti, Giorgio},
year = {2023},
title = {Proceedings of the 2022 Eurasian OpenSees Days},
address = {Cham, Switzerland},
publisher = {Springer Nature Switzerland AG},
series = {Lecture Notes in Civil Engineering},
number = {326},
organization = {Eurasian OpenSees (EOS) Organization},
isbn = {9783031301247},
doi = {10.1007/978-3-031-30125-4},
}



