@book{فرزامنیا1370,
author = {فرزام‌نیا, حسن},
year = {1370},
title = {آیا انسان زشت و نازیباست؟},
address = {اصفهان},
publisher = {نشاط},
language = {Persian},
}


@book{aaron1973,
author = {Aaron, Henry},
year = {1973},
title = {Why is welfare so hard to reform?},
address = {Washington, DC},
publisher = {Brooking Institution Press},
}


