@book{پناهی1384,
author = {پناهی, حسین and پرستویی, پرویز},
year = {1384},
title = {سلام و خداحافط},
address = {تهران},
publisher = {دارینوش},
language = {Persian},
series = {شعرها و دکلمه‌های خوانده شده از سوی شاعر},
note = {لوح فشرده},
}


@book{ابتهاج,
author = {ابتهاج, هوشنگ},
year = {بی‌تا},
title = {هنر گام زمان},
address = {تهران},
publisher = {سروش},
language = {Persian},
series = {اشعار خوانده شده توسط شاعر},
note = {2 نوار کاست},
}


@book{auden,
author = {Auden, W H},
year = {n.d},
title = {Poems},
series = {Read by the author. Spoken arts},
number = {7173},
note = {Compact disc},
}


