@book{کتابخانه1385,
author = {{کتابخانه‌ی ملی جمهوری اسلامی ایران}},
year = {1385},
title = {آشنایی با کتابخانه‌ی ملی ایران},
language = {Persian},
urldate = {1385/07/3},
url = {http://www.nlai.ir/nli/nli.asp}
}



@book{روانشناسی1385,
author = {{انجمن روانشناسی ایران}},
year = {1385},
title = {دوره‌ها و کارگاه‌های آموزشی انجمن},
language = {Persian},
urldate = {1385/07/3},
url = {http://www.iranpa.org/page.asp?T_pages=43}
}


@book{evaston2000,
author = {{Evanston Public Library Board of Trustees}},
year = {2000},
title = {Evanston Public Library Strategic Plan, 2000-2010: A Decade of Outreach},
howpublished = {Evanston Public Library},
urldate = {July 18, 2002},
url = {http://www.epl.org/library/strategic-plan-00.html}
}



@book{fas2000,
author = {{Federation of American Scientists}},
year = {2000},
title = {Resolution Comparison: Reading License Plates and Headlines},
urldate = {July 18, 2000},
url = {http://www.fas.org/irp/imint/resolve5.htm}
}


