@article{روزبه1384,
author = {روزبه},
year = {1384},
comment = {نامه به سردبیر},
journal = {رنگین‌کمان},
language = {Persian},
pages = {۱۱ مهر},
}



@article{clemens2000,
author = {Clemens, David},
year = {2000},
comment = {Letter to the editor-in-chief},
journal = {Wall Street Journal},
pages = {April 21},
}



