@incollection{لاچینی1378,
author = {لاچینی, فریبرز},
year = {1378},
title = {پاییز طلایی: قطعاتی برای پیانو},
address = {تهران},
publisher = {سرود},
language = {Persian},
}



@incollection{mozart1960,
author = {Mozart, Wolfgang Amadeus},
year = {1960},
title = {Sonatas and Fantasies for the Piano},
address = {PA},
publisher = {Theodor Presser},
edition = {Rev.},
comment = {Prepared from the autographs and earliest printed sources by Nathan Broder},
editor = {Mawr, Bryn},
}



