@article{حری1383,
author = {حری, عباس and شاهبداغی, اعظم},
year = {1383},
title = {استناد در آثار علمی: چاله‌ها و چالشها},
journal = {مجلهٔ روان‌شناسی و علوم تربیتی},
language = {Persian},
volume = {34},
number = {2},
pages = {65--96},
}


@article{terborgh1974,
author = {Terborgh, J},
year = {1974},
title = {Preservation of natural diversity: The problem of extinction prone species},
journal = {Biosciences},
volume = {24},
pages = {715--722},
doi = {10.2307/1297090},
}



