@book{امانی1347,
author = {امانی, مهدی},
year = {1347},
title = {منابع آماری ایران},
address = {تهران},
publisher = {دانشگاه تهران},
language = {Persian},
series = {انتشارات مؤسسه‌ی مطالعات و تحقیقات اجتماعی},
number = {61},
}


@book{گیلیپسی1970,
author = {گیلیپسی, چارلز کولستون},
year = {1970-1980},
title = {زندگینامهٔ علمی دانشوران},
address = {تهران},
publisher = {انتشارات علمی و فرهنگی},
language = {Persian},
translator = {آرام, احمد},
translateyear = {1366},
volume = {1},
number = {249},
}


@book{وست1992,
author = {وست, بریس},
year = {1992},
title = {پرستاری در اتاق عمل (روش مراقبت)},
address = {تهران},
publisher = {نشر و تبلیغ نشر},
language = {Persian},
translator = {مقاره دهکردی, قاسم},
translateyear = {1373},
series = {راهنمای جیبی پرستای (NAT)},
number = {6},
}


@book{hopp1977,
author = {Hopp, Joachim},
year = {1977},
title = {Undersuchungen zur geschichte der letzten attaliden},
address = {Munich},
publisher = {C H Beck’sche Verlagsbuch-handlung},
series = {Vestigia: Beitrage zur alten Geschichte},
number = {61},
}


@book{tulchin2000,
editor = {Tulchin, J S and Garland, A M},
year = {2000},
title = {Social development in Latin America: The politics of reform},
address = {Boulder, CO},
publisher = {Lynne Rienner},
series = {Woodrow Wilson Center Current Studies on Latin America},
}


@book{wauchope1950,
author = {Wauchope, Robert},
year = {1950},
title = {A tentative sequences of preclassics in Middle America},
address = {New Orleans, LA},
publisher = {Tulane Univ},
volume = {1},
series = {Middle American Research Records},
number = {14},
}