@book{هدایت1315,
author = {هدایت, صادق},
year = {1315},
title = {بوف کور},
address = {بمبئی},
language = {Persian},
}


@book{pittman1770,
author = {Pittman, Philip},
year = {1770},
title = {The present state of the European settlements on the Mississippi; with a geographical description of that river},
address = {London},
}


