@article{آرمین1385,
author = {آرمین, محسن},
year = {1385},
title = {اندیشهٔ سیاسی علامه نائینی: اندیشهٔ ناتمام},
journal = {شرق},
language = {Persian},
pages = {۲۰ مهر},
urldate = {1385/07/11},
url = {http://www.sharghnewspaper.com/850620/html/idea.html}
}



@article{سبزعلیان1385,
author = {سبزعلیان, مرضیه},
year = {1385},
title = {آغاز تبدیل دارالفنون به موزه},
journal = {همشهری آنلاین},
language = {Persian},
pages = {۹ مهر},
urldate = {1385/07/11},
url = {http://www.hamshahri.org/}
}



@article{mitchel2001,
author = {Mitchell, Alison and Bruni, Frank},
year = {2001},
title = {Scars still raw, Bush Clashes with McCain},
journal = {New York Times},
pages = {March 25},
urldate = {January 2, 2002},
url = {http://www.nytimes.com/2001/03/25/politics/25MCCA.html}
}



@article{reuters2001,
author = {Reuters},
year = {2001},
title = {Russian Blasts Kill 21, Injure more than 140},
journal = {Yahoo! News},
pages = {March 24},
url = {http://dailynews.yahoo.com/}
}



