@book{کراجی1383,
author = {کراجی, محمد بن علی},
year = {1383},
title = {نزهته‌النواظر: ترجمهٔ «معدن‌الجواهر کراجی»},
address = {تهران},
publisher = {نسیم کوثر},
language = {Persian},
}


@book{mchugh1980,
author = {McHugh, Ronald},
year = {1980},
title = {Annotations to ``Finnegan's Wake''},
address = {Baltimore},
publisher = {John Hopkins Univ Press},
}


