@book{صفا1368,
author = {صفا, ذبیح‌اله},
year = {1368},
title = {از آغاز عهد اسلامی تا دورهٔ سلجوقی},
address = {تهران},
publisher = {فردوس},
language = {Persian},
volume = {1},
series = {تاریخ ادبیات ایران},
}


@book{wright1969,
author = {Wright, Sewell},
year = {1969},
title = {Theory of Gene Frequencies},
address = {Chicago},
publisher = {Univ Chicago Press},
volume = {2},
series = {Evolution and the Genetic Populations},
}


