@book{کمالزاده1388,
author = {کمال‌زاده, حسن},
year = {1388},
title = {پیشگیری و درمان بیماریهای قلبی به زبان ساده},
address = {تهران},
publisher = {نور دانش},
language = {Persian},
}


@book{kasper1999,
author = {Kasper, Lynne Rossetto},
year = {1999},
title = {The Italian Country Table: Home Cooking from Italy's Farmhouse Kitchens},
address = {New York},
publisher = {Scribner},
}


@book{salinger1951,
author = {Salinger, Jerome David},
authorfa = {سلینجر, جروم دیوید},
year = {1951},
title = {The Catcher in the Rye},
address = {‌Boston},
publisher = {Little, Brown},
}