@article{گزنی1379,
author = {گزنی, علی},
year = {1379},
title = {طراحی سیستمهای بازیابی اطلاعات بهینه در نرم‌افزارهای کتابخانه‌ای و اطلاع‌رسانی},
journal = {علوم اطلاع‌رسانی},
language = {Persian},
volume = {16},
number = {1--2 (زمستان)},
url = {http://www.irandoc.ac.ir/ETELA-ART/16/16_1_2_7_abs.htm}
}



@article{hlatky2002,
author = {Hlatky, M A and Boothroyd, D and Vittinghoff, E abd Sharp, P and Whooley, M A},
year = {2002},
title = {Whooley. 2002. “Quality-of-Life and Depressive Symptoms in Postmenopausal Women After Receiving Hormone Therapy: Results from the Heart and Estrogen/Progestin Replacment Study (HERS) Trial},
journal = {Journal of the American Medical Association},
volume = {287},
number = {5 (February 6)},
urldate = {January 7, 2002},
url = {http://jama.amaassn.org/issues/v287n5/rfull/joc10108.html#aainfo}
}



