@unpublished{رضائیان1370الف,
author = {رضائیان, علی},
year = {1370},
title = {رفتار سازمانی (جزوه‌ی درس رفتار سازمانی پیشرفته)},
language = {Persian},
howpublished = {دانشکده‌ی علوم اداری و مدیریت بازرگانی، دانشگاه تهران},
}


@unpublished{رضائیان1370ب,
author = {رضائیان, علی},
year = {1370},
title = {جزوه‌ی درس رفتار سازمانی پیشرفته},
language = {Persian},
howpublished = {دانشکده‌ی علوم اداری و مدیریت بازرگانی، دانشگاه تهران},
}


@unpublished{رضائیان1370پ,
author = {رضائیان, علی},
year = {1370},
title = {رفتار سازمانی (جزوه‌ی درس رفتار سازمانی پیشرفته)},
language = {Persian},
by = {محمدی, فخرالسادات},
howpublished = {دانشکده‌ی علوم اداری و مدیریت بازرگانی، دانشگاه تهران},
}


