@article{عجمی1383,
author = {عجمی, سیما},
year = {1383},
title = {بررسی روشها و قوانین مربوط به ثبت، صدور، و جمع‌آوری گواهیهای فوت در استان اصفهان در سال 1381 و ارائهٔ الگوی مناسب},
journal = {مجلهٔ مدیریت و اطلاعات بهداشت و درمان},
language = {Persian},
number = {20},
pages = {1--27},
}



@article{meyerovitch1959,
author = {Meyerovitch, Eva},
year = {1959},
title = {The Gnostic Manuscript of Upper Egypt},
journal = {Diogenes},
number = {25},
pages = {84--117},
}



