@book{ماهبان1354,
compiler = {ماهبان, حسین},
year = {1354},
title = {ارتعاشات مکانیکی},
address = {تهران},
publisher = {صفی علیشاه},
language = {Persian},
edition = {دوم},
}


@book{سینایی1382,
author = {سینایی, علی},
year = {1382},
title = {مجموعه‌سازی در کتابخانه‌ها},
address = {تهران},
publisher = {سمت},
language = {Persian},
volumes = {2},
edition = {دوم},
}


@book{anderson1982,
author = {Anderson, J L and Richie, D},
year = {1982},
title = {The Japanese Film Art and Industry},
address = {Princeton, NJ},
publisher = {Princeton Univ Press},
edition = {Exp.},
}


@book{weber1928,
author = {Weber, M and de Burlet, H M and Abel, O},
year = {1982},
title = {Die Saugetiere},
address = {Jena},
publisher = {Gustav Fischer},
volumes = {2},
edition = {2nd},
}


