@book{مجلس1384,
author = {{مجلس شورای اسلامی}},
year = {1384},
title = {قانون الحاق موادی به قانون تنظیم بخشی از مقررات مالی دولت مصوب 1380/11/27},
address = {•},
publisher = {•},
language = {Persian},
note = {مصوب جلسه‌ی 1384/08/15},
}



@book{uscongress1956,
author = {{U. S. Congress. Senate. Committee on Foreign Relations}},
year = {1956},
title = {The Mutual Security Act of 1956},
address = {•},
publisher = {•},
note = {84th Cong., 2d sess. S. Rep. 2273.},
}



