@article{سمیعی1384,
author = {سمیعی, محمد},
year = {1384--1385},
title = {سیمرغ دانایی: معرفی و بررسی {\em دانشنامهٔ ویکی‌پدیا}},
journal = {کتاب ماه (کلیات)},
language = {Persian},
number = {99--100},
pages = {56--63},
}



@article{سرشار1385,
author = {سرشار, محمدرضا},
year = {1385},
title = {آیا کافکا صهیونیست بود؟},
journal = {زمانه},
language = {Persian},
number = {45 و 46},
pages = {73--76},
}



@article{connell1982,
author = {Connell, A D and Airey, D D},
year = {1982},
title = {The Chronic Effects of Fluoride on the Estuarine {\em Amphipods Grandidierella Lutosa and G. Lignorum}},
journal = {Water Research},
volume = {16},
pages = {1313--17},
doi = {10.1016/0043-1354(82)90209-3},
}



@article{loomis1960,
author = {Loomis, Jr., C C},
year = {1960},
title = {Structure and Sympathy in Joyce’s `The Dead'},
journal = {PMLA},
volume = {75},
pages = {149--51},
doi = {10.2307/460438},
}



