@book{حقایق1377,
editor = {حقایق, بابک and جهانبخش, فرهنگ},
year = {1377},
title = {دایره‌المعارف بزرگ زرین},
address = {تهران},
publisher = {زرین؛ آویژه},
language = {Persian},
volume = {1},
}


@book{barrows1959,
author = {Barrows, Herbert},
year = {1959},
title = {Reading the short story},
address = {Boston},
publisher = {Houghton Miffin},
volume = {1},
series = {An introducton to literature},
editor = {Ray, Gordon N},
}


@book{مددی1385,
author = {مددی, فرحناز},
year = {1385},
title = {اطلاعاتی دربارهٔ بلوغ},
address = {تهران},
publisher = {مادران امروز},
language = {Persian},
volume = {9},
series = {ارتباط بین دو نسل},
editor = {احمدی شیرازی, مریم},
}


@book{ray1959,
editor = {Ray, Gordon N},
year = {1959},
title = {An introduction to literature},
address = {Boston},
publisher = {Houghton Miffin},
volume = {1},
by = {Barrows, Herbert},
}


