@book{اسمیت1966,
author = {اسمیت, آلفرد گود},
year = {[1966]},
title = {ارتباطات و فرهنگ},
address = {تهران},
publisher = {سمت},
language = {Persian},
volumes = {3},
translator = {بابایی اهری, مهدی},
translateyear = {1379--1382},
}


@book{wright1968,
author = {Wright, Sewell},
year = {1968--78},
title = {Evolution and the Genetic Populations},
address = {Chicago},
publisher = {Univ Chicago Press},
volumes = {4},
}


