@book{دبیری1373,
author = {دبیری مالوانی, ابراهیم},
year = {1373},
title = {ادبیات معاصر ایران},
address = {قم},
publisher = {امید},
language = {Persian},
}


@book{wilson1992,
author = {Wlson, E O},
year = {1992},
title = {The diversity of life},
address = {New York},
publisher = {Norton},
}


