@incollection{صفا1368,
author = {صفا, ذبیح‌اله},
year = {1368},
title = {وضع سیاسی و اجتماعی و علمی و ادبی ایران از حملهٔ عرب تا پایان قرن سوم هجری},
booktitle = {تاریخ ادبیات ایران},
address = {تهران},
publisher = {فردوس},
language = {Persian},
pages = {3--40},
volume = {1},
}





@incollection{bonnefoy1991,
editor = {Bonnefoy, Yves},
year = {1991},
title = {Buddhist mythology},
booktitle = {Mythologies},
address = {Chicago},
publisher = {Univ of Chicago Press},
pages = {893--95},
volume = {2},
}


