@book{جم1385,
author = {جم, امیررضا and روزبه, زهرا},
year = {1385},
title = {انطباق شیوه‌نامه‌های شیکاگو و ای.پی.ای},
address = {تهران},
publisher = {پژوهشگاه علوم و فناوری اطلاعات ایران},
language = {Persian},
volume = {2. کتاب 2},
series = {استناد: اصول و روشها},
}


@book{harley1994,
editor = {Harley, J B and Woodward, David},
year = {1994},
title = {Cartography in traditional east and southeast Asian societies},
address = {Chicago},
publisher = {Univ of Chicago Press},
volume = {2. bk. 2},
series = {The history of cartography},
}


