@book{شجریان1384,
author = {شجریان, محمدرضا},
year = {1384},
title = {جام تهی (پر کن پیاله را)},
address = {تهران},
publisher = {آوای خورشید},
language = {Persian},
series = {نوار کاست},
}


@book{anderson1992,
author = {Anderson},
year = {1992},
title = {Frostwork},
publisher = {OAR 1001, Dolby HX PRO},
series = {Audiocassette},
}


