@book{حشمتزاد1378,
author = {حشمت‌زاد, امیر شمس‌الدین},
year = {1378},
title = {پرنسس قاجار نجات‌یافتهٔ کشتی {\em تایتانیک}},
address = {تهران},
publisher = {مجمع قرآنی شیعه علی (ع)},
language = {Persian},
}


@book{suangtho1990,
author = {Suangtho, V and Lauridsen, E B},
year = {1990},
title = {Flowering and seed production in {\em Tectona} grandis…: Report on the DANIDA training course on tree impovement program},
address = {Chiang Mai, Thailand},
}


