@book{عربی1373,
author = {ابن عربی, محمد بن علی},
year = {1373},
title = {الفتوحات المکیه},
address = {القاهره},
publisher = {الهیئه المصریه العامه الکتاب},
language = {Persian},
volumes = {14},
series = {مکتبه‌العربیه},
note = {(منتشر شده در پاریس در ۱۹۹۰)},
}


@book{thompson1964,
author = {Thompson, E P},
year = {1964},
title = {The making of the English working class},
address = {New York},
publisher = {Pantheon},
note = {(Published in UK in 1963)},
}


