@book{عربی1373,
author = {ابن عربی, محمد بن علی},
year = {1373},
title = {الفتوحات المکیه},
address = {القاهره},
publisher = {الهیئه المصریه العامه الکتاب},
language = {Persian},
volumes = {14},
series = {مکتبه‌العربیه},
note = {(منتشر شده در پاریس در ۱۹۹۰)},
}


@book{حسننایبی1377,
author = {حسن‌نایبی, فاطمه},
year = {1377},
title = {دنیای موجودات زنده},
address = {قزوین},
publisher = {پرک},
language = {Persian},
series = {مجموعهٔ دایره‌المعارف علمی دانش‌پژوهان},
number = {4},
}


@book{boyer1986,
editor = {Boyer, John W and Kirshner, Julius},
year = {1986-87},
title = {Readings in Western civilization},
address = {Chicago},
publisher = {Univ of Chicago Press},
volumes = {9},
}


@book{cochrane1987,
author = {Cochrane, Eric W and Gray, K and Kishlansky, Mark},
year = {1987},
title = {Early modern Europe: Crisis of authority},
address = {Chicago},
publisher = {Univ of Chicago Press},
series = {Readings in Western civilization},
number = {6},
editor = {Boyer, John W},
}


