@book{صارمی1372,
author = {صارمی, کتایون and رفیعی فراهانی, عباس and امانی, فریدون},
year = {1372},
title = {موزه‌های ایران},
address = {تهران},
publisher = {سازمان میراث فرهنگی کشور},
language = {Persian},
}


@book{merk1987,
author = {Merk, Jane S and Fogg, Ida J and Snow, Charles A},
year = {1987},
title = {Astrology for the Beginning Meteorologist},
address = {Chicago, IL},
publisher = {Darkweather and Clere},
}


@book{salmon2009,
author = {Salmon, Charles G and Johnson, John E and Malhas, Faris A},
authorfa = {سالمون, چارلز جی and جانسون, جان ای and مالیاس, فریس ای},
year = {2009},
title = {Steel Structures: Design and Behavior},
publisher = {Prentice Hall},
edition = {5th},
isbn = {9780131885561},
}


