@book{افراسیابی1378,
compiler = {افراسیابی, بهرام},
year = {1378},
title = {هزار و یک شب},
address = {تهران},
publisher = {پازند},
language = {Persian},
}



@book{هزارویک1378,
key = {هزار و یک شب},
year = {1378},
title = {هزار و یک شب},
address = {تهران},
publisher = {پازند},
language = {Persian},
}


@book{ناشناس1378,
author = {ناشناس},
year = {1378},
title = {هزار و یک شب},
address = {تهران},
publisher = {پازند},
language = {Persian},
}


@book{ناشناس1362,
author = {ناشناس},
year = {1362},
title = {چهل طوطی},
address = {تهران},
publisher = {رجبی},
language = {Persian},
}


@book{doe1948,
compiler = {Doe, John},
year = {1948},
title = {The Burden of Anonymity},
address = {Nowhere},
publisher = {Nonesuch Press},
}



@book{burden1948,
key = {{The Burden of Anonymity}},
year = {1948},
title = {The Burden of Anonymity},
address = {Nowhere},
publisher = {Nonesuch Press},
}


@book{anon1948,
author = {Anon},
year = {1948},
title = {The Burden of Anonymity},
address = {Nowhere},
publisher = {Nonesuch Press},
}


@book{anon1547,
author = {Anon},
year = {1547},
title = {Stanze in Lode Della Donna Brutta},
address = {Florence},
}