@article{فتاحی1383,
author = {فتاحی, رحمت‌الله},
year = {1383},
title = {تحلیل عوامل مؤثر بر نسبی بودن ربط در نظامهای بازیابی اطلاعات},
journal = {اطلاع‌شناسی},
language = {Persian},
issue = {ویژه‌نامهٔ ربط},
volume = {1},
number = {5},
pages = {7--22},
}



@article{whittington1991,
editor = {Whittington, D D and others},
year = {1991},
title = {A study of Water Vending and Willingness to Pay for Water in Onitsha, Nigeria},
journal = {World Development},
issue = {Special issue},
volume = {19},
number = {2--3},
optpages = {•},
}



