@article{همشهری1385,
key = {همشهری},
year = {1385},
title = {رستگاری در ساعت نه},
journal = {همشهری},
language = {Persian},
pages = {۹ مهر},
}



@article{nytimes2002,
key = {New York Times},
year = {2002},
title = {In Texas, Ad Heats Up Race for Governor},
journal = {New York Times},
pages = {July 30},
}



