@article{kern1938,
author = {Kern, W},
year = {1983},
title = {Waar verzamelde pigafetta zijn malaise? [Where did pigafetta collect his Malaysian Words?]},
journal = {Tijdschrift voor Indischetaal-, land en volkenkunde},
volume = {78},
pages = {271--273},
}



@article{ching1983,
author = {Ching, Chu and Zhi, Long},
year = {1983},
title = {The Vicissitudes of the Giant Panda, Ailuropoda Melanoleuca},
journal = {Acta Zoologica Sinica},
comment = {[In Chinese]},
volume = {20},
number = {1},
pages = {191--200},
}



