@book{سنگری1381,
author = {سنگری, محمدرضا and علیزاده, فاطمه صغری and اسماعیلی چرخاب, مریم},
year = {1381},
title = {املا در خانه: متن املا همراه با فعالیتهای املایی اول دبستان ویژهٔ اولیا و معلمان},
address = {تهران},
publisher = {دانشیار},
language = {Persian},
note = {لوح فشرده},
}


@book{hicks1996,
author = {Hicks, R J},
year = {1996},
title = {Nuclear medicine, from the center of our universe},
address = {Victoria, Austl.},
publisher = {ICE T Multimedia},
note = {CD-ROM},
}


