@book{اکبری1372,
author = {اکبری, محمدتقی and رضوانی, احمد and منشی طوسی, محمدتقی and سلطانی‌فر, حسن and نمایی, احمد},
year = {1372},
title = {فرهنگ اصطلاحات علوم و تمدن اسلامی: انگلیسی-فارسی},
address = {مشهد},
publisher = {بنیاد پژوهشهای آستان قدس رضوی},
language = {Persian},
}


@book{sechzer1996a,
author = {Sechzer, Jeri A and Pfaffilin, S M and Denmark, F L and Griffin, A and Blumenthal, S J},
year = {1996},
title = {Women and Mental Health},
address = {Baltimore},
publisher = {John Hopkins Univ Press},
}

