@book{یوشیج1383a,
author = {یوشیج, نیما [مستعار]},
year = {1383},
title = {مجموعهٔ اشعار نیما یوشیج},
address = {تهران},
publisher = {نیلوفر},
language = {Persian},
}


@book{یوشیج1383b,
author = {یوشیج, نیما [علی اسفندیاری]},
year = {1383},
title = {مجموعهٔ اشعار نیما یوشیج},
address = {تهران},
publisher = {نیلوفر},
language = {Persian},
}


@book{اسفندیاری1383,
author = {اسفندیاری, علی [نیما یوشیج، مستعار]},
year = {1383},
title = {مجموعهٔ اشعار نیما یوشیج},
address = {تهران},
publisher = {نیلوفر},
language = {Persian},
}


