@incollection{پارس1385,
author = {{دانشنامه‌ی پارس}},
year = {1385},
title = {کوروش},
booktitle = {دانشنامه‌ی پیوسته‌ی پارس و پارسیان در آینه‌ی تاریخ},
language = {Persian},
urldate = {1385/07/3},
url = {www.parsencyclopedia.com},
}



@incollection{ایران1385,
author = {{دایره‌المعارف ایران باستان}},
year = {1385},
title = {تخت جمشید},
booktitle = {دایره‌المعارف پیوسته‌ی ایران باستان},
language = {Persian},
by = {روزبه, زهرا},
urldate = {1385/07/7},
url = {http://www.iranbastanencyclopadia.com}
}



@incollection{britanica2002,
author = {{Britanica Online}},
year = {2002},
title = {Sibelius, Jean},
booktitle = {Encyclopedia Britanica Online},
urldate = {January 3, 2002},
url = {http://search.eb.com/bol/topic?eu=69347&sctn=1},
}



@incollection{music2002,
author = {{Grove Dictionary}},
year = {2002},
title = {Sibelius, Jean},
booktitle = {The New Grove Dictionary of Music and Musicians},
by = {Hepkoski, James},
urldate = {January 2, 2002},
url = {http://www.grovemusic.com/}
}


