@book{بوسکالیا1978,
author = {بوسکالیا, لئو},
year = {1978},
title = {آدمیت},
address = {تهران},
publisher = {نشر گفتار},
language = {Persian},
translator = {خوشدل, گیتی},
translateyear = {1379},
}


@book{خوشدل1379,
translator = {خوشدل, گیتی},
translateyear = {1379},
title = {آدمیت},
address = {تهران},
publisher = {نشر گفتار},
language = {Persian},
by = {بوسکالیا, لئو},
year = {1978},
}


@book{tzu6bc,
author = {Tzu, Sun},
year = {6th century BC},
title = {The Art of War},
address = {London},
publisher = {Oxford Univ Press},
translator = {Griffith, Samuel B},
translateyear = {1963},
}


@book{griffith1963,
translator = {Griffith, Samuel B},
translateyear = {1963},
title = {The Art of War},
address = {London},
publisher = {Oxford Univ Press},
by = {Tzu, Sun},
year = {6th century BC},
}

