@incollection{آندره1976,
author = {آندره اوتی, جولیو},
year = {[1976]},
title = {مصاحبه با جولیو آندره اوتی},
booktitle = {مصاحبه با تاریخ‌سازان},
address = {تهران},
publisher = {جاویدان},
language = {Persian},
pages = {24--51},
comment = {توسط اوریانا فالاچی},
translator = {بیدار نریمان, مجید},
translateyear = {1362},
}



@article{bellor1979,
author = {Bellor, Raymond},
year = {1979},
title = {Alternation, Segmentation, Hypnosis: Interview with Raymond Bellour},
journal = {Camera Obscura},
number = {3--4},
pages = {89--94},
}






