@unpublished{علیدوستی1385,
author = {علیدوستی, سیروس and صابری, مریم},
year = {1385},
title = {پایان‌نامه‌های الکترونیکی: نسل جدید مدارک علمی},
language = {Persian},
OPTauthorfa = {•},
OPTkey = {•},
OPTby = {•},
howpublished = {پیش‌چاپ},
OPTnote = {•},
OPTdoi = {•},
OPTurldate = {•},
OPTurl = {•}
}



@unpublished{lockwood1988,
author = {Lockwood, G W and Skiff, A},
year = {1988},
title = {Air Force Geophysics},
OPTlanguage = {•},
OPTauthorfa = {•},
OPTkey = {•},
OPTby = {•},
howpublished = {Preprint},
OPTnote = {•},
OPTdoi = {•},
OPTurldate = {•},
OPTurl = {•}
}



