@book{هانسکر1980,
author = {هانسکر, فیلیپ and الساندرا, تونی},
year = {1980},
title = {هنر مدیریت {\em [به انگلیسی]}},
address = {نیویورک},
publisher = {سیمون و شوستر},
language = {Persian},
}


@book{pirumova1977,
author = {Pirumova, N M},
year = {1977},
title = {The zemstvo liberal movement: It's social roots and evolution to the begining of the twentieth century {\em [in Russion]}},
address = {Moscow},
publisher = {Izdatel'stvo Nauka},
}


