@mastersthesis{فلاحی1380,
author = {فلاحی, داوود},
year = {1380},
title = {بررسی، حدود و احکام آن در فقه امامیه},
school = {دانشگاه قم},
language = {Persian},
}



@phdthesis{خاکنژاد1367,
author = {خاک‌نژاد سلیم, محمدرضا},
year = {1367},
title = {بررسی لیمونولوژیکی دریاچهٔ ولشت},
school = {دانشگاه تهران},
language = {Persian},
comment = {(نسخهٔ فتوکپی)},
}



@phdthesis{schwarz2000,
author = {Schwarz, G J},
year = {2000},
title = {Multiwavelength Analyses of Classical Carbon-Oxygen Novae (outbursts, binary stars)},
school = {Arizona State Univ},
}


