@book{علیدوستی,
author = {علیدوستی, سیروس and شیخ‌شعاعی, فاطمه},
year = {زودآیند},
title = {فناوری اطلاعات و کتابخانه‌ها},
address = {تهران},
publisher = {پژوهشگاه علوم و فناوری اطلاعات ایران},
language = {Persian},
}


@book{thompson,
author = {Thompson, E P},
year = {forthcoming},
title = {The making of the English working class},
address = {New York},
publisher = {Pantheon},
}


