@book{شیرازی1385,
author = {شیرازی, علیرضا},
year = {1385},
title = {فناوری اطلاعات در ایران ۸۴},
publisher = {ایتنا، اخبار فناوری اطلاعات},
language = {Persian},
urldate = {1385/07/12},
url = {http://www.itna.ir/archives/84-85-ITAnalyze/004088.php},
}



@book{uscensus2000,
author = {{U.S. Census Bureau}},
year = {2000},
title = {Health Insurance Coverage Status and Type of Coverage by Sex, Race, and Hispanic Origion, 1987 to 1999. Health Insurance Historical Table 1},
urldate = {March 12, 2001},
url = {http://www.census.gov/hhes/hlthins/historic/hihistt1.html},
}



