@book{مؤمنی1358,
author = {مؤمنی, باقر and others},
year = {1358},
title = {مطبوعات ایران 1358},
address = {تهران},
publisher = {مؤسسهٔ تحقیقات و برنامه‌ریزی آموزشی، مرکز مدارک علمی},
language = {Persian},
volumes = {2},
series = {مؤسسهٔ تحقیقات و برنامه‌ریزی آموزشی},
number = {239},
}


