@book{جبلی1339,
author = {جبلی, عبدالواسع بن الجوامع},
year = {1339-1341},
title = {دیوان عبدالواسع جبلی},
address = {تهران},
publisher = {دانشگاه تهران},
language = {Persian},
volumes = {2},
}


@book{فرد1370,
author = {سریع‌الاطلاق فرد, سلمان},
year = {1370-},
title = {راهنما و توضیح‌المسائل حسابداری},
address = {تهران},
publisher = {اردیبهشت},
language = {Persian},
}


@book{سینایی1382,
author = {سینایی, علی},
year = {1382},
title = {انتخاب مواد کتابخانه‌ای},
address = {تهران},
publisher = {سمت},
language = {Persian},
volume = {1},
series = {مجموعه‌سازی در کتابخانه‌ها},
}


@book{wrihght1968,
author = {Wrihght, Sewell},
year = {1968-78},
title = {Evolution and the genetics of populations},
address = {Chicago},
publisher = {Univ of Chicago Press},
volumes = {4},
}


@book{hayek1988,
key = {{The collected works of F. A. Hayek}},
year = {1988-},
title = {The collected works of F. A. Hayek},
address = {Chicago},
publisher = {Univ of Chicago Press},
}


@book{freeman1951,
author = {Freeman, D S},
year = {1951},
title = {Planter and patriot},
address = {New York},
publisher = {Scribner},
volume = {3},
series = {George Washington},
}


