@book{زادمرد1342,
author = {زادمرد, حسین},
year = {1342},
title = {شیمی آنالیتیک},
address = {تهران},
publisher = {دانشگاه تهران},
language = {Persian},
volumes = {2},
note = {(نخستین تاریخ انتشار ۱۳۵۸)},
}


@book{trollope1977,
author = {Trollope, Anthony},
year = {1977},
title = {The Claverings},
address = {New York},
publisher = {Dover},
introduction = {Donaldson, Norman},
note = {(Orig. pub. 1866-67)},
}


