@book{مهاجر1398,
translator = {مهاجر, فیروزه},
translateyear = {1398},
title = {صادق هدایت: از افسانه تا واقعیت},
address = {تهران},
publisher = {مرکز},
language = {Persian},
edition = {دوم},
impression = {اول},
by = {کاتوزیان, همایون},
year = {1991},
}


