@book{نظامی,
author = {نظامی گنجوی, الیاس بن یوسف},
year = {بی‌تا},
title = {خسرو و شیرین},
address = {تهران},
publisher = {کتابخانه‌ی ملی جمهوری اسلامی ایران},
language = {Persian},
comment = {نسخه‌های خطی کتابخانه‌ی ملی ملک},
}



