@book{معتمدنژاد1376,
author = {معتمدنژاد, کاظم},
year = {1376},
title = {{\em مقدمه‌ای بر} مقاله‌نویسی در مطبوعات},
address = {تهران},
publisher = {دانشگاه علامه طباطبایی},
language = {Persian},
by = {قندی, حسین},
}


@book{قندی1376,
author = {قندی, حسین},
year = {1376},
title = {مقاله‌نویسی در مطبوعات},
address = {تهران},
publisher = {دانشگاه علامه طباطبایی},
language = {Persian},
introduction = {معتمدنژاد, کاظم},
}


@book{friedman1994,
author = {Friedman, Milton},
authorfa = {فریدمن, میلتون},
year = {1994},
title = {{\em Intro. to} The road to serfdom},
address = {Chicago},
publisher = {Univ of Chicago Press},
edition = {Anniversary},
by = {von Hayek, Friedrich August},
}


@book{hayek1994,
author = {von Hayek, Friedrich August},
authorfa = {ون هایک, فردریش آگوستوس},
year = {1994},
title = {The road to serfdom},
address = {Chicago},
publisher = {Univ of Chicago Press},
edition = {Anniversary},
introduction = {Friedman, Milton},
}


