@book{نیازی1384,
editor = {نیازی, سیمین},
year = {1384},
title = {گزیدهٔ مقالات ایفلا 2003 (برلین، 1-9 اوت)},
address = {تهران},
publisher = {سازمان اسناد و کتابخانهٔ ملی جمهوری اسلامی ایران},
language = {Persian},
}



@book{موسوی1385,
author = {موسوی چلیک, افشین},
year = {1385},
title = {مرجع‌شناسی اسلامی (معرفی مهم‌ترین منابع چاپی و الکترونیکی)},
address = {تهران},
publisher = {کتابدار},
language = {Persian},
editor = {آزاد, اسدالله},
}



@book{طوسی1375,
editor = {خواجه نصیر طوسی, احمد},
year = {1375},
title = {انرژی},
address = {تهران},
publisher = {فاطمی؛ واژه},
language = {Persian},
translator = {مقبلی, ناصر},
by = {جنینگز, تری},
}



@book{kamrany1980,
editor = {Kamrany, Nake M and Day, Richard H},
year = {1980},
title = {Economic issues of the eighties},
address = {Baltimore},
publisher = {Johns Hopkins Univ Press},
}



@book{mench1999,
author = {Mench, Rigoberta},
year = {1999},
title = {Crossing borders},
address = {New York},
publisher = {Versp},
editor = {Wright, Ann},
}



@book{eliot1953,
editor = {Eliot, T S},
year = {1953},
title = {Literary essays},
address = {New York},
publisher = {New Directions},
by = {Pound, Eza},
}