@incollection{میرکمالی1378,
author = {میرکمالی, محمد},
year = {1378},
title = {ویژگیها و تواناییهای مدیریت و رهبری آموزشی},
booktitle = {رهبری و مدیریت آموزشی},
address = {تهران},
publisher = {یسطرون},
language = {Persian},
pages = {69--162},
}


@incollection{phibbs1987,
author = {Phibbs, Brendan},
year = {1987},
title = {Herrlisheim: Diary of a Battle},
booktitle = {The Other Side of Time: A Combat Surgeon in World War II},
address = {Boston},
publisher = {Little, Brown},
pages = {117--63},
}


@incollection{افشارمهاجر1379,
author = {افشار مهاجر, کامران},
year = {1379},
title = {نگاهی به صفحه‌آرایی قرآنهای خطی و کاربرد آن در گرافیک معاصر},
booktitle = {سایهٔ طوبی: مجموعه مقالات همایش نخستین دوسالانهٔ بین‌المللی نقاشی جهان اسلام},
address = {تهران},
publisher = {موزهٔ هنرها معاصر؛ فرهنگستان هنر جمهوری اسلامی ایران},
language = {Persian},
pages = {47--85},
}

@incollection{wiens1983,
author = {Wiens, J A},
year = {1983},
title = {Avian Community Ecology: An Iconoclastic View},
booktitle = {Perspectives in Ornithology},
address = {Cambridge},
publisher = {Cambridge Univ Press},
pages = {355--403},
editor = {Brush, A H and Clark, Jr, G A},
}


@incollection{اندرسن1989,
author = {اندرسن, جیمز سی},
year = {1989},
title = {ماهیت حرکت زمین بر اثر زلزله},
booktitle = {طراحی سازه‌های ضد زلزله},
address = {تهران},
publisher = {مرکز نشر دانشگاهی},
language = {Persian},
chapter = {1},
impression = {4},
translator = {شریفی, علی and میرقادری, رسول},
translateyear = {1380},
editor = {نعیم, فرزاد},
}


@incollection{شریفی1380پاسخ,
translator = {شریفی, علی and میرقادری, رسول},
translateyear = {1380},
title = {پاسخ دینامیکی سازه‌ها},
booktitle = {طراحی سازه‌های ضد زلزله},
address = {تهران},
publisher = {مرکز نشر دانشگاهی},
language = {Persian},
chapter = {3},
pages = {90--130},
impression = {4},
by = {لیو, مارشال},
year = {1989},
editor = {نعیم, فرزاد},
}


@incollection{naeim2001,
author = {Naeim, Farzad},
year = {2001},
title = {Design for drift and stability},
booktitle = {The seismic design handbook},
address = {Boston, MA},
publisher = {Springer US},
chapter = {7},
edition = {2nd},
editor = {Naeim, Farzad},
doi = {10.1007/978-1-4615-1693-4_7},
}


@incollection{tychsen1990,
author = {Tychsen, John and Nielson, Tove},
year = {1990},
title = {Seismic reflection used in sea environment},
booktitle = {Geotechnical and environmental geophysics},
address = {Tulsa, Oklahoma},
publisher = {Society of Exploration Geophysicists},
pages = {31--44},
series = {Investigations in geophysics},
number = {5},
editor = {Ward, Stanley H},
}


