@book{حمل1384,
author = {{انجمن ملی حمل و نقل سالم}},
year = {1384},
title = {میزان مرگ و میر پروازهای هوایی از سال 1378 سالانه 5 درصد افزایش پیدا کرده است},
language = {Persian},
note = {آگهی خبری، ۳۰ بهمن},
}



@book{ntsb1995,
author = {{National Transportation Safety Board}},
year = {1995},
title = {Airline Fatalities for 1994 Climbed to Five-year High},
note = {News release, Jaunary 19},
}


