@conference{دالمن1384,
author = {دالمن, اعظم and ایمانی, حسین and سپهری, حوریه},
year = {1384},
title = {تأثیر DEHP بر بلوغ آزمایشگاهی، از سرگیری میوز، و تکوین اووسایتهای نابالغ موش},
address = {گیلان},
language = {Persian},
series = {پوستر ارائه شده در چهاردمین کنفرانس سراسری زیست‌شناسی},
}



@conference{ferguson1999,
author = {Ferguson, Carolyn J and Schaal, Barbara A},
year = {1999},
title = {Phylogeography of Phlox Pilosa Subsp. Ozarkana},
address = {St. Louis},
series = {Poster presented at the 16th International Botanical Congress},
}



