@misc{علیزاده1384,
author = {علیزاده, پروین},
year = {1384},
title = {سنتز رنگدانه‌ی طلایی، لوستری بر پایهٔ میکا به روش تیتراسیون},
language = {Persian},
howpublished = {پروانه‌ی ثبت اختراع جمهوری اسلامی ایران به شماره‌ی ۳۱۴۹۵، ثبت شده در 1384/02/7},
}



@misc{petroff1980,
author = {Petroff, M D and Stapelbroek, M G},
year = {1980},
title = {Blocked Impurity Band Detectors},
howpublished = {US Patent 4,586,960, Filed Oct 23, 1980 and issued Feb 4, 1986},
}


