@article{بهرامی1383,
author = {بهرامی احسان, هادی and تاشک, آناهیتا},
year = {1383},
title = {ابعاد رابطهٔ میان جهت‌گیری مدهبی و سلامت روانی و ارزیابی مقیاس جهت‌گیری مذهبی},
journal = {مجلهٔ روان‌شناسی و علوم تربیتی},
language = {Persian},
volume = {34},
number = {2},
pages = {41--63},
}



@article{calabrese1999,
author = {Calabrese, E J and Baldwin, A},
year = {1999},
title = {Reevaluation of the Fundamental Dose-Respones Relationship},
journal = {BioScience},
volume = {49},
pages = {725--32},
doi = {10.2307/1313596},
}



