@unpublished{نیکمنظر1385,
author = {نیک‌منظر, اشکان},
year = {1385},
title = {نتهای موسیقی نوشته شده برای فلوت برای هنرجویان خرسال},
language = {Persian},
howpublished = {مجموعه‌ی اختصاصی کتابخانه‌ی موسیقی، دانشگاه هنر},
}



@unpublished{shapey1966,
author = {Shapey, Ralph},
year = {1966},
title = {Patria for Violin and Thirteen Players Score},
howpublished = {Special collections, Joseph Regenstein Library, Univ of Chicago},
}



