@article{حیاتی1382,
author = {حیاتی, زهیر},
year = {1382},
title = {توسعهٔ آموزش کتابداری در استرالیا: عوامل تغییر},
journal = {فصلنامهٔ کتاب},
language = {Persian},
volume = {14},
number = {تابستان},
pages = {88--98},
}



@article{muldoon1987,
author = {Muldoon, D D},
year = {1987},
title = {Daily Life of the Mountain Rapper},
journal = {Journal of the West},
volume = {26},
number = {October},
pages = {14--20},
}



