@unpublished{علیدوستی1385,
author = {علیدوستی, سیروس and صابری, مریم},
year = {1385},
title = {مدل مفهومی سیستم مدیریت اطلاعات پایان‌نامه‌ها و رساله‌های الکترونیکی در ایران},
language = {Persian},
howpublished = {در دست انجام، پژوهشگاه اطلاعات و مدارک علمی ایران},
}



@unpublished{شیری2000,
author = {شیری, علی‌اصغر and روی, کرافورد},
year = {2000},
title = {اصطلاحنامه‌های روی وب: پیشرفتهای جاری و گرایشها},
language = {Persian},
translator = {محمدی, فخرالسادات},
translateyear = {1385},
howpublished = {دانشکده‌ی روانشناسی و علوم تربیتی، دانشگاه تهران},
note = {فتوکپی},
}



@unpublished{feber1971,
author = {Feber, R},
year = {1971},
title = {Family Decision-making and Economic Behavior},
howpublished = {Faculty Working Paper 35, College of Commerce and Business Administration, Univ. of Illinois at Urbana-Champaign},
}



@unpublished{alarco1971,
author = {Alarco’n, Salvador Florencio de},
year = {1971},
title = {Compendio de las Noticias Correspondientes a el real y Minas San Francisco de Aziz de Rio Chico… de 20 de Octobre},
howpublished = {Department of Geography, Univ of Callifornia, Berkeley},
note = {Photocopy},
}



