@book{استوت1999,
author = {استوت, کارول},
year = {1999},
title = {آسمان شب},
address = {تهران},
publisher = {سازمان پژوهش و برنامه‌ریزی؛ مدرسه؛ و برهان},
language = {Persian},
translator = {پشنگ, شاپور},
translateyear = {1382},
series = {سری کتابهای آسمان پرستاره},
editor = {گیاهی یزدی, حمیدرضا},
}


@book{howell1998,
author = {Howell, M C},
year = {1998},
title = {The marriage exchange: Property, social place, and gender in the cities of the low countries},
address = {Chicago},
publisher = {Univ of Chicago Press},
series = {Women in culture and society},
editor = {Stimpson, C R},
}


