@book{پاکباز1378,
author = {پاکباز, روئین},
year = {1378},
title = {دایره‌المعارف هنر (نقاشی، پیکرسازی، و هنر گرافیک)},
address = {تهران},
publisher = {فرهنگ معاصر},
language = {Persian},
}


@book{filippelli1990,
author = {Filippelli, R L},
year = {1990},
title = {Labor conflict in the United States: An encyclopedia},
address = {New York},
publisher = {Garland},
series = {Garland Reference Library of Social Sceince},
number = {697},
}


