@book{فراهانی1358,
author = {قائم مقام فراهانی, ابوالقاسم},
year = {1358},
title = {نامه‌های سیاسی و تاریخی سیدالوزراء قائم مقام فراهانی دربارهٔ معاهدهٔ ترکمنچای و غرامات آن دههٔ اول ربیع‌الاول ۱۲۴۳ ه‍.ق.},
address = {تهران},
publisher = {دانشگاه تهران},
language = {Persian},
compiler = {قائمی, جهانگیر},
}


@book{adams1930,
author = {Adams, Henry},
year = {1930},
title = {Letters of Henry Adams, 1858-1891},
address = {Boston},
publisher = {Houghton Mifflin},
editor = {Ford, Worthington Chauncey},
}


