@book{برنامه1380,
author = {سازمان مدیریت و برنامه‌ریزی کشور, دفتر امور فنی و تدوین معیارها},
year = {1380},
title = {ضوابط طراحی فضای سبز شهری},
address = {تهران},
publisher = {سازمان مدیریت و برنامه‌ریزی کشور، معاونت امور پشتیبانی، مرکز مدارک علمی و انتشارات},
language = {Persian},
}


@book{هما1375,
author = {هما, سازمان همواپیمایی جمهوری اسلامی ایران},
year = {1375},
title = {مجموعهٔ قوانین و مقررات هواپیمایی کشور با آخرین اصلاحات و الحاقات، شامل …},
address = {تهران},
publisher = {سازمان هواپیمایی کشوری},
language = {Persian},
}


@book{bsi1985,
author = {{British Standards Institute}},
year = {1985},
title = {Specification for abbreviation of title words and title publication},
address = {Linford Woods, Milton Keynes, UK},
publisher = {British Standards Institute},
}


@book{iso690-2,
author = {ISO, International Organization for Standardization},
year = {2001},
title = {Information and Documentation: Bibliographic References. Part 2, Electronic Documents or Parts Thereof. Excerpts from International Standards ISO 690-2},
address = {Ottawa},
publisher = {National Library of Canada},
url = {http://www.nlc-bnc.ca/iso/tc46sc9/standard/690-2e.html},
}


