@book{لامبرت,
author = {لامبرت, جیل},
year = {بی‌تا},
title = {انتخاب منابع اطلاعاتی},
address = {تهران},
publisher = {مرکز اطلاعات و مدارک علمی ایران},
language = {Persian},
urldate = {1385/4/25},
url = {http://www.irandoc.ac.ir/data/books/Resource/Abstract.htm},
}


@book{grolemund2017,
author = {Grolemund, H and Wickham, H},
year = {2017},
title = {R for data science},
publisher = {O’Reily},
url = {https://r4ds.had.co.nz/},
}


@book{nicholas2019,
author = {Nicholson, 	Rafaelle },
year = {2019},
title = {Ladies and lords: a history of women's cricket in Britain},
publisher = {Peter Lang},
doi = {10.3726/b13283},
}

